@inproceedings{referenceexample,
	title = {{Some Title}},
	author = {Mustermann, Max and Smith, Jane},
	booktitle = {Some Conference},
	pages = {1--8},
	year = {2023}
}

@article{csurka2022semantic,
  title={Semantic image segmentation: Two decades of research},
  author={Csurka, Gabriela and Volpi, Riccardo and Chidlovskii, Boris and others},
  journal={Foundations and Trends{\textregistered} in Computer Graphics and Vision},
  volume={14},
  number={1-2},
  pages={1--162},
  year={2022},
  publisher={Now Publishers, Inc.}
}

@inproceedings{cordts2016cityscapes,
  title={The cityscapes dataset for semantic urban scene understanding},
  author={Cordts, Marius and Omran, Mohamed and Ramos, Sebastian and Rehfeld, Timo and Enzweiler, Markus and Benenson, Rodrigo and Franke, Uwe and Roth, Stefan and Schiele, Bernt},
  booktitle={Proceedings of the IEEE conference on computer vision and pattern recognition},
  pages={3213--3223},
  year={2016}
}

@inproceedings{shah2018airsim,
  title={Airsim: High-fidelity visual and physical simulation for autonomous vehicles},
  author={Shah, Shital and Dey, Debadeepta and Lovett, Chris and Kapoor, Ashish},
  booktitle={Field and Service Robotics: Results of the 11th International Conference},
  pages={621--635},
  year={2018},
  organization={Springer}
}

@inproceedings{long2015fully,
  title={Fully convolutional networks for semantic segmentation},
  author={Long, Jonathan and Shelhamer, Evan and Darrell, Trevor},
  booktitle={Proceedings of the IEEE conference on computer vision and pattern recognition},
  pages={3431--3440},
  year={2015}
}

@inproceedings{ronneberger2015u,
  title={U-net: Convolutional networks for biomedical image segmentation},
  author={Ronneberger, Olaf and Fischer, Philipp and Brox, Thomas},
  booktitle={Medical image computing and computer-assisted intervention--MICCAI 2015: 18th international conference, Munich, Germany, October 5-9, 2015, proceedings, part III 18},
  pages={234--241},
  year={2015},
  organization={Springer}
}

@article{xie2021segformer,
  title={SegFormer: Simple and efficient design for semantic segmentation with transformers},
  author={Xie, Enze and Wang, Wenhai and Yu, Zhiding and Anandkumar, Anima and Alvarez, Jose M and Luo, Ping},
  journal={Advances in neural information processing systems},
  volume={34},
  pages={12077--12090},
  year={2021}
}

@inproceedings{richter2016playing,
  title={Playing for data: Ground truth from computer games},
  author={Richter, Stephan R and Vineet, Vibhav and Roth, Stefan and Koltun, Vladlen},
  booktitle={Computer Vision--ECCV 2016: 14th European Conference, Amsterdam, The Netherlands, October 11-14, 2016, Proceedings, Part II 14},
  pages={102--118},
  year={2016},
  organization={Springer}
}

@article{ros2017semantic,
  title={Semantic segmentation of urban scenes via domain adaptation of SYNTHIA},
  author={Ros, German and Sellart, Laura and Villalonga, Gabriel and Maidanik, Elias and Molero, Francisco and Garcia, Marc and Cede{\~n}o, Adriana and Perez, Francisco and Ramirez, Didier and Escobar, Eduardo and others},
  journal={Domain Adaptation in Computer Vision Applications},
  pages={227--241},
  year={2017},
  publisher={Springer}
}

@article{griffiths2019synthcity,
  title={SynthCity: A large scale synthetic point cloud},
  author={Griffiths, David and Boehm, Jan},
  journal={arXiv preprint arXiv:1907.04758},
  year={2019}
}

@inproceedings{fonder2019mid,
  title={Mid-air: A multi-modal dataset for extremely low altitude drone flights},
  author={Fonder, Michael and Van Droogenbroeck, Marc},
  booktitle={Proceedings of the IEEE/CVF conference on computer vision and pattern recognition workshops},
  pages={0--0},
  year={2019}
}

@article{laux2022build,
  title={Build Your Own Training Data--Synthetic Data for Object Detection in Aerial Images},
  author={Laux, Lea and Schirmer, Sebastian and Schopferer, Simon and Dauer, Johann C},
  year={2022}
}

@article{ma2019deep,
  title={Deep learning in remote sensing applications: A meta-analysis and review},
  author={Ma, Lei and Liu, Yu and Zhang, Xueliang and Ye, Yuanxin and Yin, Gaofei and Johnson, Brian Alan},
  journal={ISPRS journal of photogrammetry and remote sensing},
  volume={152},
  pages={166--177},
  year={2019},
  publisher={Elsevier}
}

@article{markus2014use,
  title={Use of the stair vision library within the ISPRS 2D semantic labeling benchmark (Vaihingen)},
  author={Markus Gerke, ITC},
  journal={Use of the stair vision library within the isprs 2d semantic labeling benchmark (vaihingen)},
  year={2014}
}

@article{everingham2010pascal,
  title={The pascal visual object classes (voc) challenge},
  author={Everingham, Mark and Van Gool, Luc and Williams, Christopher KI and Winn, John and Zisserman, Andrew},
  journal={International journal of computer vision},
  volume={88},
  pages={303--338},
  year={2010},
  publisher={Springer}
}

@inproceedings{lin2014microsoft,
  title={Microsoft coco: Common objects in context},
  author={Lin, Tsung-Yi and Maire, Michael and Belongie, Serge and Hays, James and Perona, Pietro and Ramanan, Deva and Doll{\'a}r, Piotr and Zitnick, C Lawrence},
  booktitle={Computer Vision--ECCV 2014: 13th European Conference, Zurich, Switzerland, September 6-12, 2014, Proceedings, Part V 13},
  pages={740--755},
  year={2014},
  organization={Springer}
}

@article{lyu2020uavid,
  title={UAVid: A semantic segmentation dataset for UAV imagery},
  author={Lyu, Ye and Vosselman, George and Xia, Gui-Song and Yilmaz, Alper and Yang, Michael Ying},
  journal={ISPRS journal of photogrammetry and remote sensing},
  volume={165},
  pages={108--119},
  year={2020},
  publisher={Elsevier}
}

@inproceedings{abufadda2021survey,
  title={A survey of synthetic data generation for machine learning},
  author={Abufadda, Mohammad and Mansour, Khalid},
  booktitle={2021 22nd international arab conference on information technology (ACIT)},
  pages={1--7},
  year={2021},
  organization={IEEE}
}


@inproceedings{wang2018understanding,
  title={Understanding convolution for semantic segmentation},
  author={Wang, Panqu and Chen, Pengfei and Yuan, Ye and Liu, Ding and Huang, Zehua and Hou, Xiaodi and Cottrell, Garrison},
  booktitle={2018 IEEE winter conference on applications of computer vision (WACV)},
  pages={1451--1460},
  year={2018},
  organization={Ieee}
}

@article{cheng2024methods,
  title={Methods and datasets on semantic segmentation for Unmanned Aerial Vehicle remote sensing images: A review},
  author={Cheng, Jian and Deng, Changjian and Su, Yanzhou and An, Zeyu and Wang, Qi},
  journal={ISPRS Journal of Photogrammetry and Remote Sensing},
  volume={211},
  pages={1--34},
  year={2024},
  publisher={Elsevier}
}

@article{laux2022build,
  title={Build Your Own Training Data--Synthetic Data for Object Detection in Aerial Images},
  author={Laux, Lea and Schirmer, Sebastian and Schopferer, Simon and Dauer, Johann C},
  year={2022}
}

@article{paulin2023review,
  title={Review and analysis of synthetic dataset generation methods and techniques for application in computer vision},
  author={Paulin, Goran and Ivasic-Kos, Marina},
  journal={Artificial intelligence review},
  volume={56},
  number={9},
  pages={9221--9265},
  year={2023},
  publisher={Springer}
}